






@article{doi:10.1080/01691864.2017.1380535,
author = {G. Vezzani and M. Regoli and U. Pattacini and L. Natale},
title = {A novel pipeline for bi-manual handover task},
journal = {Advanced Robotics},
volume = {0},
number = {0},
pages = {1-14},
year  = {2017},
publisher = {Taylor & Francis},
doi = {10.1080/01691864.2017.1380535},

URL = { 
        https://doi.org/10.1080/01691864.2017.1380535
    
},
eprint = { 
        https://doi.org/10.1080/01691864.2017.1380535
    
}

}


