% This file was created with JabRef 2.6.
% Encoding: UTF-8

@STRING{humanoids = {IEEE/RAS International Conference on Humanoid Robots (Humanoids)}}


@INPROCEEDINGS{Asfour2006,
  author = {T. Asfour and K. Regenstein and P. Azad and J. Schr\"{o}der and N.
	Vahrenkamp and R. Dillmann},
  title = {{ARMAR-III: An Integrated Humanoid Platform for Sensory-Motor Control}},
  booktitle = humanoids,
  year = {2006},
  pages = {169--175},
  address = {Genova, Italy},
  month = {December},
  file = {Asfour2006b.pdf:Asfour2006b.pdf:PDF}
}

@book{latexcompanion,
  author = {Mittelbach, Frank and Goossens, Michel and Braams, Johannes and Carlisle, David and Rowley, Chris},
  edition = 2,
  publisher = {Addison-Wesley},
  title = {The LaTeX Companion},
  year = 2004,
  month = {April}
}

@inproceedings{jan_ICRA_2016,
     title = {Depth-based Object Tracking Using a Robust Gaussian Filter},
     author = {Issac, Jan and W{\"u}thrich, Manuel and Garcia Cifuentes, Cristina and Bohg, Jeannette and Trimpe, Sebastian and Schaal, Stefan},
     booktitle = {Proceedings of the IEEE International Conference on Robotics and Automation (ICRA) 2016},
     publisher = {IEEE},
     month = may,
     year = {2016},
     url = {http://arxiv.org/abs/1602.06157},
     month_numeric = {5}
}