@inproceedings{wuthrich-iros-2013,
     title = {Probabilistic Object Tracking Using a Range Camera},
     author = {W{\"u}thrich, M. and Pastor, P. and Kalakrishnan, M. and Bohg, J. and Schaal, S.},
     booktitle = {IEEE/RSJ International Conference on Intelligent Robots and Systems},
     pages = {3195-3202},
     publisher = {IEEE},
     month = nov,
     year = {2013},
     month_numeric = {11}
}

@inproceedings{jan_ICRA_2016,
     title = {Depth-based Object Tracking Using a Robust Gaussian Filter},
     author = {Issac, Jan and W{\"u}thrich, Manuel and Garcia Cifuentes, Cristina and Bohg, Jeannette and Trimpe, Sebastian and Schaal, Stefan},
     booktitle = {Proceedings of the IEEE International Conference on Robotics and Automation (ICRA) 2016},
     publisher = {IEEE},
     month = may,
     year = {2016},
     url = {http://arxiv.org/abs/1602.06157},
     month_numeric = {5}
}


@inproceedings{koga1992experiments,
  title={Experiments in dual-arm manipulation planning},
  author={Koga, Yoshihito and Latombe, J-C},
  booktitle={Robotics and Automation, 1992. Proceedings., 1992 IEEE International Conference on},
  pages={2238--2245},
  year={1992},
  organization={IEEE}
}


@inproceedings{saut2010planning,
  title={Planning pick-and-place tasks with two-hand regrasping},
  author={Saut, Jean-Philippe and Gharbi, Mokhtar and Cort{\'e}s, Juan and Sidobre, Daniel and Sim{\'e}on, Thierry},
  booktitle={Intelligent Robots and Systems (IROS), 2010 IEEE/RSJ International Conference on},
  pages={4528--4533},
  year={2010},
  organization={IEEE}
}

% paper von niko etc. zu den bimanual-regrasping versuchen 2009
@inproceedings{vahrenkamp2009humanoid,
  title={Humanoid motion planning for dual-arm manipulation and re-grasping tasks},
  author={Vahrenkamp, Nikolaus and Berenson, Dmitry and Asfour, Tamim and Kuffner, James and Dillmann, R{\"u}diger},
  booktitle={Intelligent Robots and Systems, 2009. IROS 2009. IEEE/RSJ International Conference on},
  pages={2464--2470},
  year={2009},
  organization={IEEE}
}

% Bewegungsplanung: RRT
@article{lavalle2000rapidly,
  title={Rapidly-exploring random trees: Progress and prospects},
  author={LaValle, Steven M and Kuffner Jr, James J},
  year={2000},
  publisher={Citeseer}
}

% Neuestes Paper, macht recht ähnliches wie das was ich gemacht habe
@article{vezzani2017novel,
author = {G. Vezzani and M. Regoli and U. Pattacini and L. Natale},
title = {A novel pipeline for bi-manual handover task},
journal = {Advanced Robotics},
volume = {0},
number = {0},
pages = {1-14},
year  = {2017},
publisher = {Taylor & Francis},
doi = {10.1080/01691864.2017.1380535},
URL = {https://doi.org/10.1080/01691864.2017.1380535},
eprint = {https://doi.org/10.1080/01691864.2017.1380535}
}

% MUPF-Paper
@article{vezzani2017memory,
  title={Memory unscented particle filter for 6-DOF tactile localization},
  author={Vezzani, Giulia and Pattacini, Ugo and Battistelli, Giorgio and Chisci, Luigi and Natale, Lorenzo},
  journal={IEEE Transactions on Robotics},
  volume={33},
  number={5},
  pages={1139--1155},
  year={2017},
  publisher={IEEE}
}

% Bimanual Regrasping from unimanual learning
@inproceedings{balaguer2012bimanual,
  title={Bimanual regrasping from unimanual machine learning},
  author={Balaguer, Benjamin and Carpin, Stefano},
  booktitle={Robotics and Automation (ICRA), 2012 IEEE International Conference on},
  pages={3264--3270},
  year={2012},
  organization={IEEE}
}

@INPROCEEDINGS{harada2014manipulation,
author={K. Harada and T. Tsuji and J. P. Laumond},
booktitle={2014 IEEE International Conference on Robotics and Automation (ICRA)},
title={A manipulation motion planner for dual-arm industrial manipulators},
year={2014},
volume={},
number={},
pages={928-934},
keywords={graph theory;industrial manipulators;minimisation;path planning;dual-arm industrial manipulators;dual-arm manipulator HiroNX;graph search algorithm;manipulation graph;manipulation motion planner;manipulation space;object placement algorithm;topological structure;Context;Grasping;Manifolds;Manipulators;Optimization;Planning},
doi={10.1109/ICRA.2014.6906965},
ISSN={1050-4729},
month={May},}

% Übersicht über viele verschiedene Umgreif-Ansätze zum zeitpunkt des Papers
@INPROCEEDINGS{Mousavi2013Taxonomy,
author={S. J. Mousavi and E. Masehian},
booktitle={2013 First RSI/ISM International Conference on Robotics and Mechatronics (ICRoM)},
title={A new taxonomy of robotic Regrasp Planning approaches and methods},
year={2013},
volume={},
number={},
pages={90-95},
keywords={dexterous manipulators;grippers;position control;gripper;object gripping position change;robotic hand;robotic manipulation;robotic regrasp planning approach;robotic regrasp planning method;unified hierarchy;Jacobian matrices;Lead;Monitoring;Robot sensing systems;Thumb;Finger Gaiting;Pick and Place;Regrasp Planning;Regrasping;Rolling;Sliding},
doi={10.1109/ICRoM.2013.6510087},
ISSN={},
month={Feb},}

% Visibility PRMs für Kenuske Manipulationsplaner
@article{simeon2000visibility,
  title={Visibility-based probabilistic roadmaps for motion planning},
  author={Sim{\'e}on, Thierry and Laumond, J-P and Nissoux, Carole},
  journal={Advanced Robotics},
  volume={14},
  number={6},
  pages={477--493},
  year={2000},
  publisher={Taylor \& Francis}
}

% Aufbau einer Roadmap für multi-Arm Systeme
@inproceedings{gharbi2009roadmap,
  title={Roadmap composition for multi-arm systems path planning},
  author={Gharbi, Mokhtar and Cort{\'e}s, Juan and Sim{\'e}on, Thierry},
  booktitle={Intelligent Robots and Systems, 2009. IROS 2009. IEEE/RSJ International Conference on},
  pages={2471--2476},
  year={2009},
  organization={IEEE}
}

5 Original-Arbeit zu PRMs
@article{kavraki1996probabilistic,
  title={Probabilistic roadmaps for path planning in high-dimensional configuration spaces},
  author={Kavraki, Lydia E and Svestka, Petr and Latombe, J-C and Overmars, Mark H},
  journal={IEEE transactions on Robotics and Automation},
  volume={12},
  number={4},
  pages={566--580},
  year={1996},
  publisher={IEEE}
}

% Paper zu Roboter Justin
@inproceedings{ott2006humanoid,
  title={A humanoid two-arm system for dexterous manipulation},
  author={Ott, Ch and Eiberger, Oliver and Friedl, Werner and Bauml, B and Hillenbrand, Ulrich and Borst, Ch and Albu-Schaffer, Alin and Brunner, Bernhard and Hirschmuller, H and Kielhofer, S and others},
  booktitle={Humanoid Robots, 2006 6th IEEE-RAS International Conference on},
  pages={276--283},
  year={2006},
  organization={IEEE}
}

% Paper das orthogonal distance regression Algorithmus enthält
@article{shakarji1998least,
  title={Least-squares fitting algorithms of the NIST algorithm testing system},
  author={Shakarji, Craig M},
  journal={Journal of research of the National Institute of Standards and Technology},
  volume={103},
  number={6},
  pages={633},
  year={1998},
  publisher={National Institute of Standards and Technology}
}

% Nelder-Maed Algorithmus zur Funktionsminimierung
@article{nelder1965simplex,
  title={A simplex method for function minimization},
  author={Nelder, John A and Mead, Roger},
  journal={The computer journal},
  volume={7},
  number={4},
  pages={308--313},
  year={1965},
  publisher={Oxford University Press}
}

% iCub-Roboter
@article{metta2010icub,
  title={The iCub humanoid robot: An open-systems platform for research in cognitive development},
  author={Metta, Giorgio and Natale, Lorenzo and Nori, Francesco and Sandini, Giulio and Vernon, David and Fadiga, Luciano and Von Hofsten, Claes and Rosander, Kerstin and Lopes, Manuel and Santos-Victor, Jos{\'e} and others},
  journal={Neural Networks},
  volume={23},
  number={8},
  pages={1125--1134},
  year={2010},
  publisher={Elsevier}
}

% YCB Object and Model Set
@inproceedings{calli2015ycb,
  title={The YCB object and model set: Towards common benchmarks for manipulation research},
  author={Calli, Berk and Singh, Arjun and Walsman, Aaron and Srinivasa, Siddhartha and Abbeel, Pieter and Dollar, Aaron M},
  booktitle={Advanced Robotics (ICAR), 2015 International Conference on},
  pages={510--517},
  year={2015},
  organization={IEEE}
}